@book{schilling2017measures,
  title={Measures, Integrals and Martingales},
  author={Schilling, R.L.},
  isbn={9781316620243},
  lccn={2017303182},
  series={Measures, Integrals and Martingales},
  url={https://books.google.no/books?id=sdAoDwAAQBAJ},
  year={2017},
  publisher={Cambridge University Press}
}
@book{Gerald_Teschl,
  title={Topics in Linear and Nonlinear
Functional Analysis},
  author={Gerald Teschl},
  url={https://www.mat.univie.ac.at/~gerald/ftp/book-fa/fa.pdf},
  year={2010},
  publisher={Universit√§t Wien}
}